@book{richards1981bcpl,
  title={BCPL: the language and its compiler},
  author={Richards, Martin and Whitby-Strevens, Colin},
  year={1981},
  publisher={Cambridge University Press}
}

@misc{ dijkstrashunting,
   author = "Dr. E.W. Dijkstra",
   title = "An ALGOL 60 Translator for the X1",
   year = "1961",
   url = "\url{http://www.cs.utexas.edu/~EWD/MCReps/MR35.PDF}",
   note = "[Online; accessed 2-April-2014]"
 }

@article{paakki1995attribute,
  title={Attribute grammar paradigmsâ€”a high-level methodology in language implementation},
  author={Paakki, Jukka},
  journal={ACM Computing Surveys (CSUR)},
  volume={27},
  number={2},
  pages={196--255},
  year={1995},
  publisher={ACM}
}	